<record><leader>00000cas a22000007a 4500</leader><controlfield tag="001">19648320</controlfield><controlfield tag="008">890503d1881188uaruwr ne      0    0eng d</controlfield><datafield ind1=" " ind2=" " tag="010"><subfield code="a">sn 89051191 </subfield></datafield><datafield ind1=" " ind2=" " tag="040"><subfield code="a">ANU</subfield><subfield code="b">eng</subfield><subfield code="c">ANU</subfield><subfield code="d">OCLCQ</subfield><subfield code="d">OCLCF</subfield><subfield code="d">OCLCO</subfield></datafield><datafield ind1=" " ind2=" " tag="042"><subfield code="a">msc</subfield></datafield><datafield ind1=" " ind2=" " tag="043"><subfield code="a">n-us-ar</subfield></datafield><datafield ind1="0" ind2=" " tag="130"><subfield code="a">Conway Democrat (Conway, Ark. : 1881)</subfield></datafield><datafield ind1="1" ind2="4" tag="245"><subfield code="a">The Conway Democrat.</subfield></datafield><datafield ind1=" " ind2=" " tag="260"><subfield code="a">Conway, Faulkner County, Ark. :</subfield><subfield code="b">Joel H. Pollard</subfield></datafield><datafield ind1=" " ind2=" " tag="300"><subfield code="a">v.</subfield></datafield><datafield ind1=" " ind2=" " tag="310"><subfield code="a">Weekly</subfield></datafield><datafield ind1="1" ind2=" " tag="362"><subfield code="a">Began in 1881?</subfield></datafield><datafield ind1=" " ind2=" " tag="588"><subfield code="a">Description based on: Vol. 3, no. 36 (Apr. 8, 1882).</subfield></datafield><datafield ind1=" " ind2="0" tag="651"><subfield code="a">Conway (Ark.)</subfield><subfield code="v">Newspapers.</subfield></datafield><datafield ind1=" " ind2="7" tag="655"><subfield code="a">Newspapers.</subfield><subfield code="2">fast</subfield><subfield code="0">(OCoLC)fst01423814</subfield></datafield><datafield ind1=" " ind2="7" tag="651"><subfield code="a">Arkansas</subfield><subfield code="z">Conway.</subfield><subfield code="2">fast</subfield><subfield code="0">(OCoLC)fst01218757</subfield></datafield><datafield ind1=" " ind2=" " tag="752"><subfield code="a">United States</subfield><subfield code="b">Arkansas</subfield><subfield code="c">Faulkner</subfield><subfield code="d">Conway.</subfield></datafield></record>